<record xmlns="http://www.loc.gov/MARC21/slim" xmlns:xsi="http://www.w3.org/2001/XMLSchema-instance" xsi:schemaLocation="http://www.loc.gov/MARC21/slim http://www.loc.gov/standards/marcxml/schema/MARC21slim.xsd">

  <leader>00408nam a2200145Ia 4500</leader>
  <datafield ind2=" " tag="999" ind1=" ">
    <subfield code="c">1170</subfield>
    <subfield code="d">1170</subfield>
  </datafield>
  <controlfield tag="008">170322b197?    us ||||| |||| 00| 0 e   d</controlfield>
  <datafield tag="090" ind2=" " ind1=" ">
    <subfield code="a">371.26 </subfield>
    <subfield code="b">D354i</subfield>
  </datafield>
  <datafield ind2=" " tag="100" ind1="1">
    <subfield code="a">De Lisi, Richard</subfield>
    <subfield code="9">2597</subfield>
  </datafield>
  <datafield tag="245" ind2="0" ind1="1">
    <subfield code="a">Intelligence, intelligence testing, and school practices</subfield>
  </datafield>
  <datafield ind2=" " tag="260" ind1=" ">
    <subfield code="a">New Jersey : </subfield>
    <subfield code="b">ERIC, </subfield>
    <subfield code="c">197?</subfield>
  </datafield>
  <datafield ind1=" " ind2=" " tag="300">
    <subfield code="a">42 páginas</subfield>
  </datafield>
  <datafield ind1="1" ind2="4" tag="650">
    <subfield code="a">PRUEBAS</subfield>
    <subfield code="9">629</subfield>
  </datafield>
  <datafield tag="650" ind2="4" ind1="1">
    <subfield code="a">INTELIGENCIA  </subfield>
    <subfield code="9">908</subfield>
  </datafield>
  <datafield ind1=" " tag="942" ind2=" ">
    <subfield code="2">z</subfield>
    <subfield code="c">01</subfield>
  </datafield>
</record>